<record><leader>00000cas a22000007a 4500</leader><controlfield tag="001">23714589</controlfield><controlfield tag="008">910508d18821885mauwr ne      0    0eng d</controlfield><datafield ind1=" " ind2=" " tag="010"><subfield code="a">sn 91058053 </subfield></datafield><datafield ind1=" " ind2=" " tag="040"><subfield code="a">MGN</subfield><subfield code="b">eng</subfield><subfield code="c">MGN</subfield><subfield code="d">OCLCQ</subfield></datafield><datafield ind1=" " ind2=" " tag="042"><subfield code="a">msc</subfield></datafield><datafield ind1="0" ind2=" " tag="130"><subfield code="a">Boston beacon and Dorchester news gatherer (Boston, Mass. : 1882)</subfield></datafield><datafield ind1="1" ind2="4" tag="245"><subfield code="a">The Boston beacon and Dorchester news gatherer.</subfield></datafield><datafield ind1="3" ind2="0" tag="246"><subfield code="a">Boston beacon Dorchester news gatherer</subfield></datafield><datafield ind1=" " ind2=" " tag="260"><subfield code="a">Boston [Mass.] :</subfield><subfield code="b">Todd &amp; Tucker</subfield></datafield><datafield ind1=" " ind2=" " tag="300"><subfield code="a">v.</subfield></datafield><datafield ind1=" " ind2=" " tag="310"><subfield code="a">Weekly</subfield></datafield><datafield ind1="0" ind2=" " tag="362"><subfield code="a">Vol. 9, no. 4 (Jan. 28, 1882)-v. 12, no. 13 (Mar. 28, 1885).</subfield></datafield><datafield ind1=" " ind2=" " tag="500"><subfield code="a">"And" appears within masthead ornament.</subfield></datafield><datafield ind1=" " ind2=" " tag="752"><subfield code="a">United States</subfield><subfield code="b">Massachusetts</subfield><subfield code="c">Suffolk</subfield><subfield code="d">Boston.</subfield></datafield><datafield ind1=" " ind2=" " tag="752"><subfield code="a">United States</subfield><subfield code="b">Massachusetts</subfield><subfield code="c">Suffolk</subfield><subfield code="d">Dorchester.</subfield></datafield><datafield ind1="0" ind2="0" tag="780"><subfield code="t">Boston beacon (Boston, Mass. : 1881)</subfield><subfield code="w">(DLC)sn 91058052</subfield></datafield><datafield ind1="0" ind2="0" tag="785"><subfield code="t">Dorchester beacon</subfield><subfield code="w">(DLC)sn 86063520</subfield></datafield></record>